@inproceedings{pebbles,
  Title = {Undirected graph exploration with $\Theta(\log\log n)$ pebbles},
  Author = {Disser, Yann and Hackfeld, Jan and Klimm, Max},
  Booktitle = {Proceedings of the 27th Annual ACM-SIAM Symposium on Discrete Algorithms (SODA)},
  Pages = {25-39},
  Year = {2016},
}
@article{logspacealg,
  author = {Reingold, Omer},
  title = {Undirected Connectivity in Log-space},
  journal = {J. ACM},
  volume = {55},
  number = {4},
  month = sep,
  year = {2008},
  pages = {17:1--17:24},
  publisher = {ACM},
  address = {New York, NY, USA},
}
